@techreport{peyre2017computational,
  title={Computational Optimal Transport},
  author={Peyr{\'e}, Gabriel and Cuturi, Marco and others},
  year={2017}
}

@article{dutting2017optimal,
  title={Optimal auctions through deep learning},
  author={D{\"u}tting, Paul and Feng, Zhe and Narasimhan, Harikrishna and Parkes, David C},
  journal={arXiv preprint arXiv:1706.03459},
  year={2017}
}
