@techreport{peyre2017computational,
  title={Computational Optimal Transport},
  author={Peyr{\'e}, Gabriel and Cuturi, Marco and others},
  year={2017}
}

@article{dutting2017optimal,
  title={Optimal auctions through deep learning},
  author={D{\"u}tting, Paul and Feng, Zhe and Narasimhan, Harikrishna and Parkes, David C},
  journal={arXiv preprint arXiv:1706.03459},
  year={2017}
}

@incollection{kuhn2010hungarian,
  title={The hungarian method for the assignment problem},
  author={Kuhn, Harold W},
  booktitle={50 Years of Integer Programming 1958-2008},
  pages={29--47},
  year={2010},
  publisher={Springer}
}

@article{bernton2017inference,
  title={Inference in generative models using the Wasserstein distance},
  author={Bernton, Espen and Jacob, Pierre E and Gerber, Mathieu and Robert, Christian P},
  journal={arXiv preprint arXiv:1701.05146},
  year={2017}
}

@inproceedings{altschuler2017near,
  title={Near-linear time approximation algorithms for optimal transport via Sinkhorn iteration},
  author={Altschuler, Jason and Weed, Jonathan and Rigollet, Philippe},
  booktitle={Advances in Neural Information Processing Systems},
  pages={1961--1971},
  year={2017}
}

@article{sinkhorn1967concerning,
  title={Concerning nonnegative matrices and doubly stochastic matrices},
  author={Sinkhorn, Richard and Knopp, Paul},
  journal={Pacific Journal of Mathematics},
  volume={21},
  number={2},
  pages={343--348},
  year={1967},
  publisher={Mathematical Sciences Publishers}
}
@article{sason2015reverse,
  title={On reverse Pinsker inequalities},
  author={Sason, Igal},
  journal={arXiv preprint arXiv:1503.07118},
  year={2015}
}
